<?xml version="1.0" encoding="UTF-8"?><collection xmlns="http://www.loc.gov/MARC21/slim"><record><leader>00667nam--2200193-u-4500</leader><controlfield tag="001">000054554</controlfield><controlfield tag="002">20161230</controlfield><controlfield tag="005">20161230201051</controlfield><controlfield tag="008">120125s1000------------r-----000-0-eng-d</controlfield><datafield ind1=" " ind2=" " tag="020"><subfield code="a">9971966905</subfield></datafield><datafield ind1=" " ind2=" " tag="040"><subfield code="a">IFIN-HH</subfield></datafield><datafield ind1=" " ind2=" " tag="080"><subfield code="a">539.12.01(061.3)</subfield></datafield><datafield ind1="1" ind2=" " tag="100"><subfield code="a">Domokos, C</subfield></datafield><datafield ind1="1" ind2="0" tag="245"><subfield code="a">Current problems in particle theory; particles and gravity</subfield><subfield code="b">Vol. 8 proceedings of the johns hopkins workshop on current problems in particle theory baltimore1984 (june 20-22)</subfield><subfield code="c">G. domokos, s. kovesi-domokos (eds.)</subfield></datafield><datafield ind1=" " ind2=" " tag="260"><subfield code="a">Singapore</subfield><subfield code="b">World Scientific</subfield><subfield code="c">1984</subfield></datafield><datafield ind1=" " ind2=" " tag="300"><subfield code="a">257P</subfield></datafield><datafield ind1="1" ind2=" " tag="700"><subfield code="a">K©œvesi-Domokos, S</subfield><subfield code="e">Ed</subfield></datafield><datafield ind1=" " ind2=" " tag="852"><subfield code="a">78919</subfield><subfield code="c">539.12</subfield></datafield><datafield ind1=" " ind2=" " tag="CAT"><subfield code="a">Sys</subfield><subfield code="c">20120125</subfield><subfield code="h">104455</subfield></datafield></record></collection>